@BOOK{marshall,
	    AUTHOR = "Marshall Kirk McCusick and George V. Neville-Neil",
	    TITLE = "Design and Implementation of the FreeBSD Operating System",
	    PUBLISHER = {Addison-Wesley},
	    YEAR = 2015}

% Control Service API
@WEB{rest1,
	    AUTHOR = "Roy Thomas Fielding",
	    TITLE = "Architectural Styles and the Design of Network-based Software Architectures",
	    PUBLISHER = {University of California, Irvine},
      URL = {https://www.ics.uci.edu/~fielding/pubs/dissertation/rest_arch_style.htm},
	    YEAR = 2000}

@WEB{rest2,
	    AUTHOR = "Margaret Rouse",
	    TITLE = "REST (representational state transfer)",
	    PUBLISHER = {Tech Target},
      URL = {http://searchmicroservices.techtarget.com/definition/REST-representational-state-transfer},
	    YEAR = 2017}

@WEB{config1,
	    AUTHOR = "William Wong",
	    TITLE = "What's the Difference Between JSON, XML, and YAML?",
	    PUBLISHER = {Electronic Design},
      URL = {http://www.electronicdesign.com/dev-tools/whats-difference-between-json-xml-and-yaml},
	    YEAR = 2015}

@WEB{socket1,
	    AUTHOR = "GeeksforGeeks",
	    TITLE = "Socket Programming in C/C++",
	    PUBLISHER = {GeeksforGeeks},
      URL = {http://www.geeksforgeeks.org/socket-programming-cc/},
	    YEAR = 2017}

% Control Service Data storage
@WEB{serialization1,
	    AUTHOR = "Microsoft",
	    TITLE = "Serialization",
	    PUBLISHER = {Microsoft},
      URL = {https://docs.microsoft.com/en-us/dotnet/csharp/programming-guide/concepts/serialization/},
	    YEAR = 2017}

@WEB{database1,
	    AUTHOR = "Margaret Rouse",
	    TITLE = "Database",
	    PUBLISHER = {Tech Target},
      URL = {http://searchsqlserver.techtarget.com/definition/database},
	    YEAR = 2017}

% Control Service Internal State
@WEB{objects1,
	    AUTHOR = "W3",
	    TITLE = "Java Object Oriented Programming concepts",
	    PUBLISHER = {W3},
      URL = {https://www.w3resource.com/java-tutorial/java-object-oriented-programming.php},
	    YEAR = 2017}
