@BOOK{LAN1,
	    AUTHOR = "Gary A. Donahue",
	    TITLE = "Network Warrior",
	    PUBLISHER = {O'Reilly Media Inc.},
	    YEAR = 2011}

@BOOK{LAN2,
	    AUTHOR = "David Barnett and David Groth and Jim McBee",
	    TITLE = "Cabling: The Complete Guide to Network Wiring",
	    PUBLISHER = {John Wiley and Sons},
	    YEAR = 2006}

@BOOK{LAN3,
	    AUTHOR = "IEEE Computer Society",
	    TITLE = "Part 11: Wireless LAN Medium Access Control (MAC) and Physical Layer (PHY) Specifications",
	    PUBLISHER = {The Institute of Electrical and Electronics Engineers, Inc},
	    YEAR = 2012}

@WEB{LAN4,
	    AUTHOR = "Open-Mesh Project",
	    TITLE = "Welcome to Open Mesh",
	    PUBLISHER = {Open-Mesh Project},
      URL = {https://www.open-mesh.org/projects/open-mesh/wiki},
	    YEAR = 2017}

@WEB{LANG1,
			AUTHOR = "Dennis M. Ritchie",
			TITLE = "The Development of the C Language",
			PUBLISHER = {Bell Labs/Lucent Technologies},
			URL = {http://www.bell-labs.com/usr/dmr/www/chist.html},
			YEAR = 2003}

@WEB{LANG2,
			AUTHOR = "[individual contributors]",
			TITLE = "Rust language",
			PUBLISHER = {Mozilla Research},
			URL = {https://research.mozilla.org/rust/},
			YEAR = {1998 - 2017}}

@WEB{IMG1,
			AUTHOR = "Ren√© Molenaar",
			TITLE = "CCNA Routing and Switching ICND1 100-105",
			PUBLISHER = {NetworkLessons.com},
			URL = {https://networklessons.com/cisco/ccna-routing-switching-icnd1-100-105/network-topologies/},
			YEAR = {2013 - 2017}}

@WEB{IMG2,
			AUTHOR = "Antony",
			TITLE = "Mesh Network",
			PUBLISHER = {Blogger},
			URL = {http://seventhoughts.blogspot.com/2009/12/mesh-network.html},
			YEAR = 2009}

@WEB{IMG3,
			AUTHOR = "NightRunner417",
			TITLE = "Right Angle Bracket For Enclosures and Boxes",
			PUBLISHER = {MakerBot Industries, LLC},
			URL = {https://www.thingiverse.com/thing:1969658},
			YEAR = 2016}
