% Research
@article{GMHKRWCM,
    author =       "Gioia D. Massa and Hyeon-Hye Kim and Raymond M. Wheeler and Cary A. Mitchell",
    title =        "Plant Productivity in Response to LED Lighting",
    journal =      "HortScience",
    volume =       "43",
    number =       "7",
    pages =        "1951-1956",
    year =         "2008",
    DOI =          "http://dx.doi.org/10.1002/andp.19053221004"
}

@WEB{expensive1
	    TITLE = "Best selling plant growing light fixtures",
	    PUBLISHER = {Amazon},
      URL = {https://www.amazon.com/Best-Sellers-Garden-Outdoor-Plant-Growing-Light-Fixtures/zgbs/lawn-garden/14252961},
	    YEAR = 2017}

@WEB{expensive2
	    TITLE = "Stack-n-Grow Light System",
	    PUBLISHER = {Gardener's supply company},
      URL = {https://www.ledworldlighting.com/product-category/led-grow-lights/},
	    YEAR = 2017}

@WEB{expensive3
	    TITLE = "LED Grow Strip Triple Bright",
	    PUBLISHER = {LED World Lighting},
      URL = {https://www.ledworldlighting.com/product/led-grow-lights/led-grow-strip-triple-bright/},
	    YEAR = 2017}

% Control Service API
@WEB{rest1,
	    AUTHOR = "Roy Thomas Fielding",
	    TITLE = "Architectural Styles and the Design of Network-based Software Architectures",
	    PUBLISHER = {University of California, Irvine},
      URL = {https://www.ics.uci.edu/~fielding/pubs/dissertation/rest_arch_style.htm},
	    YEAR = 2000}

@WEB{rest2,
	    AUTHOR = "Margaret Rouse",
	    TITLE = "REST (representational state transfer)",
	    PUBLISHER = {Tech Target},
      URL = {http://searchmicroservices.techtarget.com/definition/REST-representational-state-transfer},
	    YEAR = 2017}

@WEB{config1,
	    AUTHOR = "William Wong",
	    TITLE = "What's the Difference Between JSON, XML, and YAML?",
	    PUBLISHER = {Electronic Design},
      URL = {http://www.electronicdesign.com/dev-tools/whats-difference-between-json-xml-and-yaml},
	    YEAR = 2015}

@WEB{socket1,
	    AUTHOR = "GeeksforGeeks",
	    TITLE = "Socket Programming in C/C++",
	    PUBLISHER = {GeeksforGeeks},
      URL = {http://www.geeksforgeeks.org/socket-programming-cc/},
	    YEAR = 2017}


% Control Service Data storage
@WEB{serialization1,
	    AUTHOR = "Microsoft",
	    TITLE = "Serialization",
	    PUBLISHER = {Microsoft},
      URL = {https://docs.microsoft.com/en-us/dotnet/csharp/programming-guide/concepts/serialization/},
	    YEAR = 2017}

@WEB{database1,
	    AUTHOR = "Margaret Rouse",
	    TITLE = "Database",
	    PUBLISHER = {Tech Target},
      URL = {http://searchsqlserver.techtarget.com/definition/database},
	    YEAR = 2017}


% Control Service Internal State
@WEB{objects1,
	    AUTHOR = "W3",
	    TITLE = "Java Object Oriented Programming concepts",
	    PUBLISHER = {W3},
      URL = {https://www.w3resource.com/java-tutorial/java-object-oriented-programming.php},
	    YEAR = 2017}

@WEB{pizero,
      AUTHOR = "Adafruit",
      TITLE = "Introducing the Raspberry Pi Zero",
      YEAR= 2017,
      URL = {https://cdn-learn.adafruit.com/downloads/pdf/introducing-the-raspberry-pi-zero.pdf}}
}

@WEB{fastLED,
      AUTHOR = "David Garcia",
      Title = "Fast `LED",
      YEAR = 2016,
      URL = https://github.com/FastLED/FastLED/wiki/Overview
}

@WEB{neo,
      AUTHOR = "Adafruit",
      TITLE = "Adafruit NEOPIXEL Digital RGB LED strip White 60 LED",
      YEAR = 2017,
      URL = https://www.adafruit.com/product/1138
}

@manual{atmel,
      AUTHRO = "Atmel",
      TITLE = "ATMEL 8-bit microcontroller with 4/8/16/32kBytes",
      YEAR = 2015,
      URL = http://www.atmel.com/images/Atmel-8271-8-bit-AVR-Microcontroller-ATmega48A-48PA-88A-88PA-168A-168PA-328-328P_datasheet_Complete.pdf
}

@WEB{zerodiag,
      AUTHOR = "Efa",
      TITLE = "Raspberry Pi Zero",
      YEAR = "2010",
      URL = "https://commons.wikimedia.org/wiki/File:Location_of_connectors_and_ICs_on_Raspberry_Pi_Zero.svg"
}
