@electronic{Apache,
tittle = {About APACHE},
url = {https://httpd.apache.org/ABOUT_APACHE.html}
}

@electronic{Lighttpd,
tittle = {Lighttpd Home},
url = {https://www.lighttpd.net}
}

@electronic{Nginx,
tittle = {Ngnx Resources},
url = {https://www.nginx.com/resources/glossary/nginx/}
}

@electronic{Octopus_soil_sensor,

tittle = {Octopus Soil Moisture Sensor From Elecfreaks},
url = {http://www.elecfreaks.com/estore/octopus-soil-moisture-sensor-brick.html}
}

@electronic{ SparkFun_Soil_Moisture_Sensor,
tittle = {SparkFun Soil Moisture Sensor},
url = {https://www.sparkfun.com/products/13322}
}
