@BOOK{mark1,
	    AUTHOR = "Mark Russinovich and David Solomon and Alex Ionescu",
	    TITLE = "Windows Internals Part 1",
	    PUBLISHER = {Microsoft Press},
	    YEAR = 2012}

@WEB{freebsd1,
	    AUTHOR = "FreeBSD",
	    TITLE = "FreeBSD Handbook",
	    PUBLISHER = {FreeBSD Foundation},
      URL = {https://www.freebsd.org/doc/handbook/},
	    YEAR = 2017}
