@manual{K20,
 organization = "Freescale Semiconductor",
 title = "K20 Sub-Family",
 number = "K20P64M50SF0",
 year = 2012,
 month = 12,
 note = {Available at \url{https://www.pjrc.com/teensy/K20P64M50SF0.pdf}, Rev. 4.5}
}

@manual{atmel,
 organization = "Atmel",
 title = "ATME 8-but microcontroller with 4/8/16/32kBytes",
 year = 2015,
 month = 11,
 note = {Available at \url{http://www.atmel.com/images/Atmel-8271-8-bit-AVR-Microcontroller-ATmega48A-48PA-88A-88PA-168A-168PA-328-328P_datasheet_Complete.pdf}}
}

@misc{arduino,
 title = "Arduino Uno",
 year = 2017,
 howpublished = {\url{https://store.arduino.cc/usa/arduino-uno-rev3}},
 note = "Rev. 3"
}

@misc{pizero,
 title = "Introducing the Raspberry Pi Zero",
 year = 2017,
 howpublished = {\url{https://cdn-learn.adafruit.com/downloads/pdf/introducing-the-raspberry-pi-zero.pdf}}
}

@misc{neo,
 title = "Adafruit NEOPIXEL Digital RGB LED strip White 60 LED",
 year = 2017,
 howpublished = {\url{https://www.adafruit.com/product/1138}}
}

@misc{dotstar,
 title = "Adafruit DOTSTAR digital LED strip Black 30 LED - per meter",
 year = 2017,
 howpublished = {\url{https://www.adafruit.com/product/2237}}
}

@misc{strand,
 title = "12MM diffused thin digital RGB LED pixels (strand of 25)",
 year = 2017,
 howpublished = {\url{https://www.adafruit.com/product/322}}
}

@misc{fastLED,
 author = "David Garcia",
 title = "Fast `LED",
 year = 2016,
 howpublished = {\url{https://github.com/FastLED/FastLED/wiki/Overview}}
}

@misc{neolib,
 title = "Arduino Library Use",
 year = 2017,
 howpublished = {\url{https://learn.adafruit.com/adafruit-neopixel-uberguide/arduino-library-use}}
}
