%%%%%%%%%%%%%%%%%%%%%%
%%% DESIGN DOCUMENT %%%
%%%%%%%%%%%%%%%%%%%%%%%
@article{GMHKRWCM,
    author =       "Gioia D. Massa and Hyeon-Hye Kim and Raymond M. Wheeler and Cary A. Mitchell",
    title =        "Plant Productivity in Response to LED Lighting",
    journal =      "HortScience",
    volume =       "43",
    number =       "7",
    pages =        "1951-1956",
    year =         "2008",
    DOI =          "http://dx.doi.org/10.1002/andp.19053221004"
}

@WEB{expensive1,
	    TITLE = "Best selling plant growing light fixtures",
	    PUBLISHER = {Amazon},
      URL = {https://www.amazon.com/Best-Sellers-Garden-Outdoor-Plant-Growing-Light-Fixtures/zgbs/lawn-garden/14252961},
	    YEAR = 2017}

@WEB{expensive2,
	    TITLE = "Stack-n-Grow Light System",
	    PUBLISHER = {Gardener's supply company},
      URL = {https://www.ledworldlighting.com/product-category/led-grow-lights/},
	    YEAR = 2017}

@WEB{expensive3,
	    TITLE = "LED Grow Strip Triple Bright",
	    PUBLISHER = {LED World Lighting},
      URL = {https://www.ledworldlighting.com/product/led-grow-lights/led-grow-strip-triple-bright/},
	    YEAR = 2017}

% Control Service API
@WEB{rest1,
	    AUTHOR = "Roy Thomas Fielding",
	    TITLE = "Architectural Styles and the Design of Network-based Software Architectures",
	    PUBLISHER = {University of California, Irvine},
      URL = {https://www.ics.uci.edu/~fielding/pubs/dissertation/rest_arch_style.htm},
	    YEAR = 2000}

@WEB{rest2,
	    AUTHOR = "Margaret Rouse",
	    TITLE = "REST (representational state transfer)",
	    PUBLISHER = {Tech Target},
      URL = {http://searchmicroservices.techtarget.com/definition/REST-representational-state-transfer},
	    YEAR = 2017}

@WEB{config1,
	    AUTHOR = "William Wong",
	    TITLE = "What's the Difference Between JSON, XML, and YAML?",
	    PUBLISHER = {Electronic Design},
      URL = {http://www.electronicdesign.com/dev-tools/whats-difference-between-json-xml-and-yaml},
	    YEAR = 2015}

@WEB{socket1,
	    AUTHOR = "GeeksforGeeks",
	    TITLE = "Socket Programming in C/C++",
	    PUBLISHER = {GeeksforGeeks},
      URL = {http://www.geeksforgeeks.org/socket-programming-cc/},
	    YEAR = 2017}


% Control Service Data storage
@WEB{serialization1,
	    AUTHOR = "Microsoft",
	    TITLE = "Serialization",
	    PUBLISHER = {Microsoft},
      URL = {https://docs.microsoft.com/en-us/dotnet/csharp/programming-guide/concepts/serialization/},
	    YEAR = 2017}

@WEB{database1,
	    AUTHOR = "Margaret Rouse",
	    TITLE = "Database",
	    PUBLISHER = {Tech Target},
      URL = {http://searchsqlserver.techtarget.com/definition/database},
	    YEAR = 2017}


% Control Service Internal State
@WEB{objects1,
	    AUTHOR = "W3",
	    TITLE = "Java Object Oriented Programming concepts",
	    PUBLISHER = {W3},
      URL = {https://www.w3resource.com/java-tutorial/java-object-oriented-programming.php},
	    YEAR = 2017}

@WEB{pizero,
      AUTHOR = "Adafruit",
      TITLE = "Introducing the Raspberry Pi Zero",
      YEAR= 2017,
      URL = {https://cdn-learn.adafruit.com/downloads/pdf/introducing-the-raspberry-pi-zero.pdf}}
}

@WEB{fastLED,
      AUTHOR = "David Garcia",
      Title = "Fast `LED",
      YEAR = 2016,
      URL = https://github.com/FastLED/FastLED/wiki/Overview
}

@WEB{neo,
      AUTHOR = "Adafruit",
      TITLE = "Adafruit NEOPIXEL Digital RGB LED strip White 60 LED",
      YEAR = 2017,
      URL = https://www.adafruit.com/product/1138
}

@manual{atmel,
      AUTHRO = "Atmel",
      TITLE = "ATMEL 8-bit microcontroller with 4/8/16/32kBytes",
      YEAR = 2015,
      URL = http://www.atmel.com/images/Atmel-8271-8-bit-AVR-Microcontroller-ATmega48A-48PA-88A-88PA-168A-168PA-328-328P_datasheet_Complete.pdf
}

@WEB{zerodiag,
      AUTHOR = "Efa",
      TITLE = "Raspberry Pi Zero",
      YEAR = "2010",
      URL = "https://commons.wikimedia.org/wiki/File:Location_of_connectors_and_ICs_on_Raspberry_Pi_Zero.svg"
}

%%%%%%%%%%%%%%%%%%%%
%%% TECH REVIEWS %%%
%%%%%%%%%%%%%%%%%%%%

% Austin Hodgin
@electronic{Apache,
tittle = {About APACHE},
url = {https://httpd.apache.org/ABOUT_APACHE.html}
}

@electronic{Lighttpd,
tittle = {Lighttpd Home},
url = {https://www.lighttpd.net}
}

@electronic{Nginx,
tittle = {Ngnx Resources},
url = {https://www.nginx.com/resources/glossary/nginx/}
}

@electronic{Octopus_soil_sensor,

tittle = {Octopus Soil Moisture Sensor From Elecfreaks},
url = {http://www.elecfreaks.com/estore/octopus-soil-moisture-sensor-brick.html}
}

@electronic{ SparkFun_Soil_Moisture_Sensor,
tittle = {SparkFun Soil Moisture Sensor},
url = {https://www.sparkfun.com/products/13322}
}

% Travis Hodgin
@manual{K20,
 organization = "Freescale Semiconductor",
 title = "K20 Sub-Family",
 number = "K20P64M50SF0",
 year = 2012,
 month = 12,
 note = {Available at \url{https://www.pjrc.com/teensy/K20P64M50SF0.pdf}, Rev. 4.5}
}

@manual{atmel,
 organization = "Atmel",
 title = "ATME 8-but microcontroller with 4/8/16/32kBytes",
 year = 2015,
 month = 11,
 note = {Available at \url{http://www.atmel.com/images/Atmel-8271-8-bit-AVR-Microcontroller-ATmega48A-48PA-88A-88PA-168A-168PA-328-328P_datasheet_Complete.pdf}}
}

@misc{arduino,
 title = "Arduino Uno",
 year = 2017,
 howpublished = {\url{https://store.arduino.cc/usa/arduino-uno-rev3}},
 note = "Rev. 3"
}

@misc{pizero,
 title = "Introducing the Raspberry Pi Zero",
 year = 2017,
 howpublished = {\url{https://cdn-learn.adafruit.com/downloads/pdf/introducing-the-raspberry-pi-zero.pdf}}
}

@misc{neo,
 title = "Adafruit NEOPIXEL Digital RGB LED strip White 60 LED",
 year = 2017,
 howpublished = {\url{https://www.adafruit.com/product/1138}}
}

@misc{dotstar,
 title = "Adafruit DOTSTAR digital LED strip Black 30 LED - per meter",
 year = 2017,
 howpublished = {\url{https://www.adafruit.com/product/2237}}
}

@misc{strand,
 title = "12MM diffused thin digital RGB LED pixels (strand of 25)",
 year = 2017,
 howpublished = {\url{https://www.adafruit.com/product/322}}
}

@misc{fastLED,
 author = "David Garcia",
 title = "Fast `LED",
 year = 2016,
 howpublished = {\url{https://github.com/FastLED/FastLED/wiki/Overview}}
}

@misc{neolib,
 title = "Arduino Library Use",
 year = 2017,
 howpublished = {\url{https://learn.adafruit.com/adafruit-neopixel-uberguide/arduino-library-use}}
}

% Zach Lerew
@BOOK{marshall,
	    AUTHOR = "Marshall Kirk McCusick and George V. Neville-Neil",
	    TITLE = "Design and Implementation of the FreeBSD Operating System",
	    PUBLISHER = {Addison-Wesley},
	    YEAR = 2015}

% Control Service API
@WEB{rest1,
	    AUTHOR = "Roy Thomas Fielding",
	    TITLE = "Architectural Styles and the Design of Network-based Software Architectures",
	    PUBLISHER = {University of California, Irvine},
      URL = {https://www.ics.uci.edu/~fielding/pubs/dissertation/rest_arch_style.htm},
	    YEAR = 2000}

@WEB{rest2,
	    AUTHOR = "Margaret Rouse",
	    TITLE = "REST (representational state transfer)",
	    PUBLISHER = {Tech Target},
      URL = {http://searchmicroservices.techtarget.com/definition/REST-representational-state-transfer},
	    YEAR = 2017}

@WEB{config1,
	    AUTHOR = "William Wong",
	    TITLE = "What's the Difference Between JSON, XML, and YAML?",
	    PUBLISHER = {Electronic Design},
      URL = {http://www.electronicdesign.com/dev-tools/whats-difference-between-json-xml-and-yaml},
	    YEAR = 2015}

@WEB{socket1,
	    AUTHOR = "GeeksforGeeks",
	    TITLE = "Socket Programming in C/C++",
	    PUBLISHER = {GeeksforGeeks},
      URL = {http://www.geeksforgeeks.org/socket-programming-cc/},
	    YEAR = 2017}

% Control Service Data storage
@WEB{serialization1,
	    AUTHOR = "Microsoft",
	    TITLE = "Serialization",
	    PUBLISHER = {Microsoft},
      URL = {https://docs.microsoft.com/en-us/dotnet/csharp/programming-guide/concepts/serialization/},
	    YEAR = 2017}

@WEB{database1,
	    AUTHOR = "Margaret Rouse",
	    TITLE = "Database",
	    PUBLISHER = {Tech Target},
      URL = {http://searchsqlserver.techtarget.com/definition/database},
	    YEAR = 2017}

% Control Service Internal State
@WEB{objects1,
	    AUTHOR = "W3",
	    TITLE = "Java Object Oriented Programming concepts",
	    PUBLISHER = {W3},
      URL = {https://www.w3resource.com/java-tutorial/java-object-oriented-programming.php},
	    YEAR = 2017}

% Max Schmidt
@BOOK{LAN1,
	    AUTHOR = "Gary A. Donahue",
	    TITLE = "Network Warrior",
	    PUBLISHER = {O'Reilly Media Inc.},
	    YEAR = 2011}

@BOOK{LAN2,
	    AUTHOR = "David Barnett and David Groth and Jim McBee",
	    TITLE = "Cabling: The Complete Guide to Network Wiring",
	    PUBLISHER = {John Wiley and Sons},
	    YEAR = 2006}

@BOOK{LAN3,
	    AUTHOR = "IEEE Computer Society",
	    TITLE = "Part 11: Wireless LAN Medium Access Control (MAC) and Physical Layer (PHY) Specifications",
	    PUBLISHER = {The Institute of Electrical and Electronics Engineers, Inc},
	    YEAR = 2012}

@WEB{LAN4,
	    AUTHOR = "Open-Mesh Project",
	    TITLE = "Welcome to Open Mesh",
	    PUBLISHER = {Open-Mesh Project},
      URL = {https://www.open-mesh.org/projects/open-mesh/wiki},
	    YEAR = 2017}

@WEB{LANG1,
			AUTHOR = "Dennis M. Ritchie",
			TITLE = "The Development of the C Language",
			PUBLISHER = {Bell Labs/Lucent Technologies},
			URL = {http://www.bell-labs.com/usr/dmr/www/chist.html},
			YEAR = 2003}

@WEB{LANG2,
			AUTHOR = "[individual contributors]",
			TITLE = "Rust language",
			PUBLISHER = {Mozilla Research},
			URL = {https://research.mozilla.org/rust/},
			YEAR = {1998 - 2017}}

@WEB{IMG1,
			AUTHOR = "Ren√© Molenaar",
			TITLE = "CCNA Routing and Switching ICND1 100-105",
			PUBLISHER = {NetworkLessons.com},
			URL = {https://networklessons.com/cisco/ccna-routing-switching-icnd1-100-105/network-topologies/},
			YEAR = {2013 - 2017}}

@WEB{IMG2,
			AUTHOR = "Antony",
			TITLE = "Mesh Network",
			PUBLISHER = {Blogger},
			URL = {http://seventhoughts.blogspot.com/2009/12/mesh-network.html},
			YEAR = 2009}

@WEB{IMG3,
			AUTHOR = "NightRunner417",
			TITLE = "Right Angle Bracket For Enclosures and Boxes",
			PUBLISHER = {MakerBot Industries, LLC},
			URL = {https://www.thingiverse.com/thing:1969658},
			YEAR = 2016}




